02RETORNO01COBRANCA       00000000000007855522G & S IMAGENS DO BRASIL LTDA  237BRADESCO       2507180160000000209                                                                                                                                                                                                                                                                          260718         000001
1020219505900010800000040339600037443                         000000000000001218050000000000000000000000000402250718C-62845   00000000000000121805240818000000005000023704400  000000000016000000000000000000000000000000000000000000000000000000000000000000000000000000000000000000000000000000000                          0000000000                                                                  000002
1020219505900010800000040339600037443                         000000000000001218130000000000000000000000000402250718C-62844   00000000000000121813240818000000014720023704400  000000000016000000000000000000000000000000000000000000000000000000000000000000000000000000000000000000000000000000000                          0000000000                                                                  000003
1020219505900010800000040339600037443                         000000000000001218210000000000000000000000000402250718C-62843   00000000000000121821250818000000009500023704400  000000000016000000000000000000000000000000000000000000000000000000000000000000000000000000000000000000000000000000000                          0000000000                                                                  000004
1020219505900010800000040339600037443                         0000000000000012183P0000000000000000000000000402250718B-50804 010000000000000012183P250818000000008770023704426  000000000016000000000000000000000000000000000000000000000000000000000000000000000000000000000000000000000000000000000                          7600000000                                                                  000005
1020219505900010800000040339600037443                         000000000000001218480000000000000000000000000402250718B-50804 0200000000000000121848250918000000008770023704426  000000000016000000000000000000000000000000000000000000000000000000000000000000000000000000000000000000000000000000000                          7600000000                                                                  000006
1020219505900010800000040339600037443                         000000000000001218560000000000000000000000000402250718B-50804 0300000000000000121856251018000000008770023704426  000000000016000000000000000000000000000000000000000000000000000000000000000000000000000000000000000000000000000000000                          7600000000                                                                  000007
1020219505900010800000040339600037443                         000000000000001218640000000000000000000000000402250718B-50804 0400000000000000121864251118000000008770023704426  000000000016000000000000000000000000000000000000000000000000000000000000000000000000000000000000000000000000000000000                          7600000000                                                                  000008
1020219505900010800000040339600037443                         000000000000001218720000000000000000000000000402250718B-50804 0500000000000000121872251218000000008770023704426  000000000016000000000000000000000000000000000000000000000000000000000000000000000000000000000000000000000000000000000                          7600000000                                                                  000009
1020219505900010800000040339600037443                         000000000000001218800000000000000000000000000402250718B-50804 0600000000000000121880250119000000008770023704426  000000000016000000000000000000000000000000000000000000000000000000000000000000000000000000000000000000000000000000000                          7600000000                                                                  000010
1020219505900010800000040339600037443                         000000000000001218990000000000000000000000000402250718B-50804 0700000000000000121899250219000000008770023704426  000000000016000000000000000000000000000000000000000000000000000000000000000000000000000000000000000000000000000000000                          7600000000                                                                  000011
1020219505900010800000040339600037443                         000000000000001219020000000000000000000000000402250718B-50804 0800000000000000121902250319000000008770023704426  000000000016000000000000000000000000000000000000000000000000000000000000000000000000000000000000000000000000000000000                          7600000000                                                                  000012
1020219505900010800000040339600037443                         000000000000001219100000000000000000000000000402250718B-50804 0900000000000000121910250419000000008770023704426  000000000016000000000000000000000000000000000000000000000000000000000000000000000000000000000000000000000000000000000                          7600000000                                                                  000013
1020219505900010800000040339600037443                         000000000000001219290000000000000000000000000402250718B-50804 1000000000000000121929250519000000008770023704426  000000000016000000000000000000000000000000000000000000000000000000000000000000000000000000000000000000000000000000000                          7600000000                                                                  000014
1020219505900010800000040339600037443                         000000000000001219370000000000000000000000000402250718B-50805   00000000000000121937240818000000007650023704151  000000000016000000000000000000000000000000000000000000000000000000000000000000000000000000000000000000000000000000000                          7600000000                                                                  000015
1020219505900010800000040339600037443                         000000000000001219450000000000000000000000000402250718B-50808 0100000000000000121945250818000000001433423704151  000000000016000000000000000000000000000000000000000000000000000000000000000000000000000000000000000000000000000000000                          0000000000                                                                  000016
1020219505900010800000040339600037443                         000000000000001219530000000000000000000000000402250718B-50808 0200000000000000121953250918000000001433323704151  000000000016000000000000000000000000000000000000000000000000000000000000000000000000000000000000000000000000000000000                          0000000000                                                                  000017
1020219505900010800000040339600037443                         000000000000001219610000000000000000000000000402250718B-50808 0300000000000000121961251018000000001433323704151  000000000016000000000000000000000000000000000000000000000000000000000000000000000000000000000000000000000000000000000                          0000000000                                                                  000018
1020219505900010800000040339600037443                         0000000000000012197P0000000000000000000000000402250718B-50809   0000000000000012197P240818000000137560023704151  000000000016000000000000000000000000000000000000000000000000000000000000000000000000000000000000000000000000000000000                          7600000000                                                                  000019
1020219505900010800000040339600037443                         000000000000001219880000000000000000000000000402250718B-50812   00000000000000121988100818000000027984023703396  000000000016000000000000000000000000000000000000000000000000000000000000000000000000000000000000000000000000000000000                          7600000000                                                                  000020
1020219505900010800000040339600037443                         000000000000001219960000000000000000000000000402250718B-50813   00000000000000121996240818000000002050023700405  000000000016000000000000000000000000000000000000000000000000000000000000000000000000000000000000000000000000000000000                          7600000000                                                                  000021
1020219505900010800000040339600037443                         000000000000001220030000000000000000000000000402250718B-50817   00000000000000122003260818000000013000023704143  000000000016000000000000000000000000000000000000000000000000000000000000000000000000000000000000000000000000000000000                          0000000000                                                                  000022
1020219505900010800000040339600037443                         000000000000001220110000000000000000000000000402250718B-50818   00000000000000122011240818000000050000023704426  000000000016000000000000000000000000000000000000000000000000000000000000000000000000000000000000000000000000000000000                          0000000000                                                                  000023
1020219505900010800000040339600037443                         0000000000000012202P0000000000000000000000000402250718B-50819 010000000000000012202P240818000000003200023704152  000000000016000000000000000000000000000000000000000000000000000000000000000000000000000000000000000000000000000000000                          0000000000                                                                  000024
1020219505900010800000040339600037443                         000000000000001220380000000000000000000000000402250718B-50819 0200000000000000122038240918000000003200023704152  000000000016000000000000000000000000000000000000000000000000000000000000000000000000000000000000000000000000000000000                          0000000000                                                                  000025
1020219505900010800000040339600037443                         000000000000001220460000000000000000000000000402250718B-50819 0300000000000000122046241018000000003200023704152  000000000016000000000000000000000000000000000000000000000000000000000000000000000000000000000000000000000000000000000                          0000000000                                                                  000026
1020219505900010800000040339600037443                         000000000000001220540000000000000000000000000402250718B-50819 0400000000000000122054241118000000003200023704152  000000000016000000000000000000000000000000000000000000000000000000000000000000000000000000000000000000000000000000000                          0000000000                                                                  000027
1020219505900010800000040339600037443                         000000000000001220620000000000000000000000000402250718B-50819 0500000000000000122062241218000000003200023704152  000000000016000000000000000000000000000000000000000000000000000000000000000000000000000000000000000000000000000000000                          0000000000                                                                  000028
1020219505900010800000040339600037443                         000000000000001220700000000000000000000000000402250718B-50819 0600000000000000122070240119000000003200023704152  000000000016000000000000000000000000000000000000000000000000000000000000000000000000000000000000000000000000000000000                          0000000000                                                                  000029
1020219505900010800000040339600037443                         000000000000001220890000000000000000000000000402250718B-50819 0700000000000000122089240219000000003200023704152  000000000016000000000000000000000000000000000000000000000000000000000000000000000000000000000000000000000000000000000                          0000000000                                                                  000030
1020219505900010800000040339600037443                         000000000000001220970000000000000000000000000402250718B-50819 0800000000000000122097240319000000003200023704152  000000000016000000000000000000000000000000000000000000000000000000000000000000000000000000000000000000000000000000000                          0000000000                                                                  000031
1020219505900010800000040339600037443                         000000000000001221000000000000000000000000000402250718B-50819 0900000000000000122100240419000000003200023704152  000000000016000000000000000000000000000000000000000000000000000000000000000000000000000000000000000000000000000000000                          0000000000                                                                  000032
1020219505900010800000040339600037443                         000000000000001221190000000000000000000000000402250718B-50819 1000000000000000122119240519000000003200023704152  000000000016000000000000000000000000000000000000000000000000000000000000000000000000000000000000000000000000000000000                          0000000000                                                                  000033
1020219505900010800000040339600037443                         000000000000001221270000000000000000000000000402250718B-50822 0100000000000000122127250818000000003300023704151  000000000016000000000000000000000000000000000000000000000000000000000000000000000000000000000000000000000000000000000                          0000000000                                                                  000034
1020219505900010800000040339600037443                         000000000000001221350000000000000000000000000402250718B-50822 0200000000000000122135250918000000003300023704151  000000000016000000000000000000000000000000000000000000000000000000000000000000000000000000000000000000000000000000000                          0000000000                                                                  000035
1020219505900010800000040339600037443                         000000000000001221430000000000000000000000000402250718B-50822 0300000000000000122143251018000000003300023704151  000000000016000000000000000000000000000000000000000000000000000000000000000000000000000000000000000000000000000000000                          0000000000                                                                  000036
1020219505900010800000040339600037443                         000000000000001221510000000000000000000000000402250718B-50822 0400000000000000122151251118000000003300023704151  000000000016000000000000000000000000000000000000000000000000000000000000000000000000000000000000000000000000000000000                          0000000000                                                                  000037
1020219505900010800000040339600037443                         0000000000000012216P0000000000000000000000000402250718B-50822 050000000000000012216P251218000000003300023704151  000000000016000000000000000000000000000000000000000000000000000000000000000000000000000000000000000000000000000000000                          0000000000                                                                  000038
1020219505900010800000040339600037443                         000000000000001221780000000000000000000000000402250718B-50822 0600000000000000122178250119000000003300023704151  000000000016000000000000000000000000000000000000000000000000000000000000000000000000000000000000000000000000000000000                          0000000000                                                                  000039
1020219505900010800000040339600037443                         000000000000001221860000000000000000000000000402250718B-50822 0700000000000000122186250219000000003300023704151  000000000016000000000000000000000000000000000000000000000000000000000000000000000000000000000000000000000000000000000                          0000000000                                                                  000040
1020219505900010800000040339600037443                         000000000000001221940000000000000000000000000402250718B-50822 0800000000000000122194250319000000003300023704151  000000000016000000000000000000000000000000000000000000000000000000000000000000000000000000000000000000000000000000000                          0000000000                                                                  000041
1020219505900010800000040339600037443                         000000000000001222080000000000000000000000000402250718B-50822 0900000000000000122208250419000000003300023704151  000000000016000000000000000000000000000000000000000000000000000000000000000000000000000000000000000000000000000000000                          0000000000                                                                  000042
1020219505900010800000040339600037443                         000000000000001222160000000000000000000000000402250718B-50822 1000000000000000122216250519000000003300023704151  000000000016000000000000000000000000000000000000000000000000000000000000000000000000000000000000000000000000000000000                          0000000000                                                                  000043
1020219505900010800000040339600037443                         000000000000001222240000000000000000000000000402250718C-62846   00000000000000122224250818000000003300023704400  000000000016000000000000000000000000000000000000000000000000000000000000000000000000000000000000000000000000000000000                          0000000000                                                                  000044
1020219505900010800000040339600037443                         0000000000000000096P0000000000000000000000000406250718B-46324 100000000000000000096P250718000000006048034108092  000000000000000000000000000000000000000000000000000000000000000000000000000000000000006048000000000000000000000000000   260718             00000000000000                                                                  000045
1020219505900010800000040339600037443                         0000000000000000180P0000000000000000000000000406250718B-46352 100000000000000000180P250718000000003000034101426  000000000000000000000000000000000000000000000000000000000000000000000000000000000000003000000000000000000000000000000   260718             00000000000000                                                                  000046
1020219505900010800000040339600037443                         000000000000000041080000000000000000000000000406250718B-46438 1000000000000000004108290718000000005713423702747  000000000000000000000000000000000000000000000000000000000000000000000000000000000000005713400000000000000000000000000   260718             00000000000000                                                                  000047
1020219505900010800000040339600037443                         000000000000000131820000000000000000000000000406250718B-46897 0900000000000000013182250718000000001068023700110  000000000000000000000000000000000000000000000000000000000000000000000000000000000000001068000000000000000000000000000   260718             00000000000000                                                                  000048
1020219505900010800000040339600037443                         0000000000000001328P0000000000000000000000000406250718B-46898 090000000000000001328P250718000000004725023701401  000000000000000000000000000000000000000000000000000000000000000000000000000000000000004725000000000000000000000000000   260718             00000000000000                                                                  000049
1020219505900010800000040339600037443                         000000000000000142350000000000000000000000000406250718B-46918 0900000000000000014235260718000000005205000100179  000000000000000000000000000000000000000000000000000000000000000000000000000000000000005205000000000000000000000000000   260718             00000000000000                                                                  000050
1020219505900010800000040339600037443                         000000000000000152900000000000000000000000000406250718B-46960 0900000000000000015290290718000000004880034100845  000000000000000000000000000000000000000000000000000000000000000000000000000000000000004880000000000000000000000000000   260718             00000000000000                                                                  000051
1020219505900010800000040339600037443                         000000000000000235280000000000000000000000000406250718C-61135 0800000000000000023528250718000000022500023700941  000000000000000000000000000000000000000000000000000000000000000000000000000000000000022500000000000000000000000000000   260718             00000000000000                                                                  000052
1020219505900010800000040339600037443                         000000000000000245240000000000000000000000000406250718B-47361 0800000000000000024524240718000000012900034102000  000000000000000000000000000000000000000000000000000000000000000000000000000000000000012921500000000002150000000000000   260718             00000000000000                                                                  000053
1020219505900010800000040339600037443                         000000000000000246210000000000000000000000000406250718B-47362 0800000000000000024621240718000000010825034102000  000000000000000000000000000000000000000000000000000000000000000000000000000000000000010843000000000001800000000000000   260718             00000000000000                                                                  000054
1020219505900010800000040339600037443                         000000000000000256010000000000000000000000000406250718B-47398 0800000000000000025601280718000000009882034108635  000000000000000000000000000000000000000000000000000000000000000000000000000000000000009882000000000000000000000000000   260718             00000000000000                                                                  000055
1020219505900010800000040339600037443                         000000000000000555350000000000000000000000000406250718B-48586 0500000000000000055535250718000000003950000100340  000000000000000000000000000000000000000000000000000000000000000000000000000000000000003950000000000000000000000000000   260718             00000000000000                                                                  000056
1020219505900010800000040339600037443                         000000000000000556320000000000000000000000000406250718B-48587 0500000000000000055632250718000000005845010403116  000000000000000000000000000000000000000000000000000000000000000000000000000000000000005845000000000000000000000000000   260718             00000000000000                                                                  000057
1020219505900010800000040339600037443                         000000000000000649840000000000000000000000000406250718B-48894 0400000000000000064984250718000000027000003300245  000000000000000000000000000000000000000000000000000000000000000000000000000000000000027000000000000000000000000000000   260718             00000000000000                                                                  000058
1020219505900010800000040339600037443                         000000000000000690720000000000000000000000000406250718B-49026 0400000000000000069072210718000000002900023703176  000000000000000000000000000000000000000000000000000000000000000000000000000000000000002919200000000001920000000000000   260718             00000000000000                                                                  000059
1020219505900010800000040339600037443                         0000000000000006979P0000000000000000000000000406250718B-49052 040000000000000006979P250718000000001800010401662  000000000000000000000000000000000000000000000000000000000000000000000000000000000000001800000000000000000000000000000   260718             00000000000000                                                                  000060
1020219505900010800000040339600037443                         000000000000000706580000000000000000000000000406250718B-49085 0400000000000000070658260718000000002640003303559  000000000000000000000000000000000000000000000000000000000000000000000000000000000000002640000000000000000000000000000   260718             00000000000000                                                                  000061
1020219505900010800000040339600037443                         000000000000000812850000000000000000000000000406250718B-49479 0300000000000000081285250718000000003400000103425  000000000000000000000000000000000000000000000000000000000000000000000000000000000000003400000000000000000000000000000   260718             00000000000000                                                                  000062
1020219505900010800000040339600037443                         000000000000000820280000000000000000000000000406250718C-62175 0300000000000000082028250718000000003600000103404  000000000000000000000000000000000000000000000000000000000000000000000000000000000000003600000000000000000000000000000   260718             00000000000000                                                                  000063
1020219505900010800000040339600037443                         000000000000000822570000000000000000000000000406250718B-49507 0300000000000000082257250718000000006100034108667  000000000000000000000000000000000000000000000000000000000000000000000000000000000000006100000000000000000000000000000   260718             00000000000000                                                                  000064
1020219505900010800000040339600037443                         000000000000000823540000000000000000000000000406250718B-49508 0300000000000000082354250718000000014405013601101  000000000000000000000000000000000000000000000000000000000000000000000000000000000000014405000000000000000000000000000   260718             00000000000000                                                                  000065
1020219505900010800000040339600037443                         000000000000000825160000000000000000000000000406250718B-49517 0300000000000000082516250718000000001800023700457  000000000000000000000000000000000000000000000000000000000000000000000000000000000000001800000000000000000000000000000   260718             00000000000000                                                                  000066
1020219505900010800000040339600037443                         000000000000000884920000000000000000000000000406250718B-49728   00000000000000088492250718000000032500034100758  000000000000000000000000000000000000000000000000000000000000000000000000000000000000032500000000000000000000000000000   260718             00000000000000                                                                  000067
1020219505900010800000040339600037443                         000000000000000906160000000000000000000000000406250718B-49795   00000000000000090616250718000000006000034102000  000000000000000000000000000000000000000000000000000000000000000000000000000000000000006000000000000000000000000000000   260718             00000000000000                                                                  000068
1020219505900010800000040339600037443                         000000000000000906240000000000000000000000000406250718B-49796   00000000000000090624250718000000011250034102000  000000000000000000000000000000000000000000000000000000000000000000000000000000000000011250000000000000000000000000000   260718             00000000000000                                                                  000069
1020219505900010800000040339600037443                         000000000000000909180000000000000000000000000406250718B-49809 0200000000000000090918150718000000005170034106157  000000000000000000000000000000000000000000000000000000000000000000000000000000000000005256000000000008600000000000000   260718             00000000000000                                                                  000070
1020219505900010800000040339600037443                         000000000000000937120000000000000000000000000406250718B-49889   00000000000000093712250718000000024000003302271  000000000000000000000000000000000000000000000000000000000000000000000000000000000000024000000000000000000000000000000   260718             00000000000000                                                                  000071
1020219505900010800000040339600037443                         000000000000000947430000000000000000000000000406250718B-49939 0200000000000000094743250718000000005000034108571  000000000000000000000000000000000000000000000000000000000000000000000000000000000000005000000000000000000000000000000   260718             00000000000000                                                                  000072
1020219505900010800000040339600037443                         000000000000000948400000000000000000000000000406250718B-49940 0200000000000000094840250718000000007100000400180  000000000000000000000000000000000000000000000000000000000000000000000000000000000000007100000000000000000000000000000   260718             00000000000000                                                                  000073
1020219505900010800000040339600037443                         000000000000000971300000000000000000000000000406250718B-50017   00000000000000097130250718000000040000003302271  000000000000000000000000000000000000000000000000000000000000000000000000000000000000040000000000000000000000000000000   260718             00000000000000                                                                  000074
1020219505900010800000040339600037443                         000000000000001092280000000000000000000000000406250718B-50375   00000000000000109228250718000000005000034100532  000000000000000000000000000000000000000000000000000000000000000000000000000000000000005000000000000000000000000000000   260718             00000000000000                                                                  000075
1020219505900010800000040339600037443                         000000000000001093410000000000000000000000000406250718C-62623   00000000000000109341250718000000001800003303525  000000000000000000000000000000000000000000000000000000000000000000000000000000000000001800000000000000000000000000000   260718             00000000000000                                                                  000076
1020219505900010800000040339600037443                         000000000000001093760000000000000000000000000406250718C-62626   00000000000000109376250718000000016900034100196  000000000000000000000000000000000000000000000000000000000000000000000000000000000000016900000000000000000000000000000   260718             00000000000000                                                                  000077
1020219505900010800000040339600037443                         000000000000001093840000000000000000000000000406250718C-62627   00000000000000109384250718000000035610034100609  000000000000000000000000000000000000000000000000000000000000000000000000000000000000035610000000000000000000000000000   260718             00000000000000                                                                  000078
1020219505900010800000040339600037443                         000000000000001093920000000000000000000000000406250718C-62628   00000000000000109392250718000000006000034100609  000000000000000000000000000000000000000000000000000000000000000000000000000000000000006000000000000000000000000000000   260718             00000000000000                                                                  000079
1020219505900010800000040339600037443                         000000000000001094060000000000000000000000000406250718B-50377   00000000000000109406250718000000006000034100609  000000000000000000000000000000000000000000000000000000000000000000000000000000000000006000000000000000000000000000000   260718             00000000000000                                                                  000080
1020219505900010800000040339600037443                         000000000000001094140000000000000000000000000406250718B-50378   00000000000000109414250718000000006000034100609  000000000000000000000000000000000000000000000000000000000000000000000000000000000000006000000000000000000000000000000   260718             00000000000000                                                                  000081
1020219505900010800000040339600037443                         000000000000001094490000000000000000000000000406250718B-50385   00000000000000109449250718000000007020023706539  000000000000000000000000000000000000000000000000000000000000000000000000000000000000007020000000000000000000000000000   260718             00000000000000                                                                  000082
1020219505900010800000040339600037443                         000000000000001096860000000000000000000000000406250718C-62631   00000000000000109686250718000000002500034100911  000000000000000000000000000000000000000000000000000000000000000000000000000000000000002500000000000000000000000000000   260718             00000000000000                                                                  000083
1020219505900010800000040339600037443                         000000000000001097080000000000000000000000000406250718C-62633   00000000000000109708250718000000003200034104015  000000000000000000000000000000000000000000000000000000000000000000000000000000000000003200000000000000000000000000000   260718             00000000000000                                                                  000084
1020219505900010800000040339600037443                         000000000000001098480000000000000000000000000406250718B-50395 0100000000000000109848250718000000012900000102764  000000000000000000000000000000000000000000000000000000000000000000000000000000000000012900000000000000000000000000000   260718             00000000000000                                                                  000085
1020219505900010800000040339600037443                         0000000000000010997P0000000000000000000000000406250718C-62637   0000000000000010997P250718000000001800003303525  000000000000000000000000000000000000000000000000000000000000000000000000000000000000001800000000000000000000000000000   260718             00000000000000                                                                  000086
1020219505900010800000040339600037443                         0000000000000011129P0000000000000000000000000406250718B-50454   0000000000000011129P250718000000007000034100066  000000000000000000000000000000000000000000000000000000000000000000000000000000000000007000000000000000000000000000000   260718             00000000000000                                                                  000087
1020219505900010800000040339600037443                         000000000000001113030000000000000000000000000406250718B-50456   00000000000000111303250718000000001700034100375  000000000000000000000000000000000000000000000000000000000000000000000000000000000000001700000000000000000000000000000   260718             00000000000000                                                                  000088
1020219505900010800000040339600037443                         000000000000001115240000000000000000000000000406250718B-50464   00000000000000111524250718000000010400034100066  000000000000000000000000000000000000000000000000000000000000000000000000000000000000010400000000000000000000000000000   260718             00000000000000                                                                  000089
1020219505900010800000040339600037443                         000000000000001119820000000000000000000000000406250718C-62680   00000000000000111982250718000000001920034108118  000000000000000000000000000000000000000000000000000000000000000000000000000000000000001920000000000000000000000000000   260718             00000000000000                                                                  000090
1020219505900010800000040339600037443                         000000000000001119900000000000000000000000000406250718C-62681   00000000000000111990250718000000002500034108118  000000000000000000000000000000000000000000000000000000000000000000000000000000000000002500000000000000000000000000000   260718             00000000000000                                                                  000091
1020219505900010800000040339600037443                         000000000000001120080000000000000000000000000406250718C-62682   00000000000000112008250718000000007000034100066  000000000000000000000000000000000000000000000000000000000000000000000000000000000000007000000000000000000000000000000   260718             00000000000000                                                                  000092
1020219505900010800000040339600037443                         000000000000001120160000000000000000000000000406250718C-62683   00000000000000112016250718000000007000034100066  000000000000000000000000000000000000000000000000000000000000000000000000000000000000007000000000000000000000000000000   260718             00000000000000                                                                  000093
1020219505900010800000040339600037443                         000000000000001120240000000000000000000000000406250718C-62684   00000000000000112024250718000000007500034100066  000000000000000000000000000000000000000000000000000000000000000000000000000000000000007500000000000000000000000000000   260718             00000000000000                                                                  000094
1020219505900010800000040339600037443                         000000000000001120590000000000000000000000000406250718C-62688   00000000000000112059250718000000003400034100375  000000000000000000000000000000000000000000000000000000000000000000000000000000000000003400000000000000000000000000000   260718             00000000000000                                                                  000095
1020219505900010800000040339600037443                         000000000000001120670000000000000000000000000406250718C-62689   00000000000000112067250718000000003400034100375  000000000000000000000000000000000000000000000000000000000000000000000000000000000000003400000000000000000000000000000   260718             00000000000000                                                                  000096
1020219505900010800000040339600037443                         000000000000001121640000000000000000000000000406250718C-62699   00000000000000112164250718000000112240034100066  000000000000000000000000000000000000000000000000000000000000000000000000000000000000112240000000000000000000000000000   260718             00000000000000                                                                  000097
1020219505900010800000040339600037443                         000000000000001121720000000000000000000000000406250718C-62700   00000000000000112172250718000000031700034100066  000000000000000000000000000000000000000000000000000000000000000000000000000000000000031700000000000000000000000000000   260718             00000000000000                                                                  000098
1020219505900010800000040339600037443                         000000000000001122020000000000000000000000000406250718C-62703   00000000000000112202250718000000002500034100066  000000000000000000000000000000000000000000000000000000000000000000000000000000000000002500000000000000000000000000000   260718             00000000000000                                                                  000099
1020219505900010800000040339600037443                         000000000000001129890000000000000000000000000406250718B-50523   00000000000000112989250718000000014350074805330  000000000000000000000000000000000000000000000000000000000000000000000000000000000000014350000000000000000000000000000   260718             00000000000000                                                                  000100
1020219505900010800000040339600037443                         000000000000001130120000000000000000000000000406250718B-50526   00000000000000113012250718000000001600034104015  000000000000000000000000000000000000000000000000000000000000000000000000000000000000001600000000000000000000000000000   260718             00000000000000                                                                  000101
1020219505900010800000040339600037443                         000000000000001139180000000000000000000000000406250718C-62726   00000000000000113918250718000000016800034104015  000000000000000000000000000000000000000000000000000000000000000000000000000000000000016800000000000000000000000000000   260718             00000000000000                                                                  000102
1020219505900010800000040339600037443                         000000000000001153920000000000000000000000000406250718B-50600   00000000000000115392250718000000012200034106136  000000000000000000000000000000000000000000000000000000000000000000000000000000000000012200000000000000000000000000000   260718             00000000000000                                                                  000103
1020219505900010800000040339600037443                         000000000000001165420000000000000000000000000406250718C-62758   00000000000000116542250718000000004800034104015  000000000000000000000000000000000000000000000000000000000000000000000000000000000000004800000000000000000000000000000   260718             00000000000000                                                                  000104
1020219505900010800000040339600037443                         000000000000001178240000000000000000000000000406250718C-62781   00000000000000117824250718000000001600034104015  000000000000000000000000000000000000000000000000000000000000000000000000000000000000001600000000000000000000000000000   260718             00000000000000                                                                  000105
1020219505900010800000040339600037443                         000000000000001179480000000000000000000000000406250718B-50674   00000000000000117948160818000000106270074500001  000000000000000000000000000000000000000000000000000000000000000000000000000000000000106270000000000000000000000000000   260718             00000000000000                                                                  000106
1020219505900010800000040339600037443                         000000000000001189600000000000000000000000000406250718B-50708   00000000000000118960250718000000001700000101535  000000000000000000000000000000000000000000000000000000000000000000000000000000000000001700000000000000000000000000000   260718             00000000000000                                                                  000107
1020219505900010800000040339600037443                         000000000000000059100000000000000000000000000410250718B-46546 0900000000000000005910030718000000007829023700000  000000000000000000000000000000000000000000000000000000000000000000000000000000000000000000000000000000000000000000000                          0000000000                                                                  000108
1020219505900010800000040339600037443                         000000000000000540240000000000000000000000000410250718B-48530   00000000000000054024110518000000082370023700000  000000000000000000000000000000000000000000000000000000000000000000000000000000000000000000000000000000000000000000000                          0000000000                                                                  000109
1020219505900010800000040339600037443                         000000000000000824860000000000000000000000000410250718B-49516   00000000000000082486250518000000006000023700000  000000000000000000000000000000000000000000000000000000000000000000000000000000000000000000000000000000000000000000000                          0000000000                                                                  000110
1020219505900010800000040339600037443                         000000000000000830670000000000000000000000000410250718C-62190   00000000000000083067300518000000005600023700000  000000000000000000000000000000000000000000000000000000000000000000000000000000000000000000000000000000000000000000000                          0000000000                                                                  000111
1020219505900010800000040339600037443                         000000000000000831800000000000000000000000000410250718C-62203   00000000000000083180300518000000014500023700000  000000000000000000000000000000000000000000000000000000000000000000000000000000000000000000000000000000000000000000000                          0000000000                                                                  000112
1020219505900010800000040339600037443                         0000000000000008733P0000000000000000000000000410250718B-49689   0000000000000008733P070618000000043080023700000  000000000000000000000000000000000000000000000000000000000000000000000000000000000000000000000000000000000000000000000                          0000000000                                                                  000113
1020219505900010800000040339600037443                         0000000000000009316P0000000000000000000000000410250718B-49888   0000000000000009316P140718000000003670023700000  000000000000000000000000000000000000000000000000000000000000000000000000000000000000000000000000000000000000000000000                          0000000000                                                                  000114
1020219505900010800000040339600037443                         0000000000000009414P0000000000000000000000000410250718B-49923   0000000000000009414P200718000000047088023700000  000000000000000000000000000000000000000000000000000000000000000000000000000000000000000000000000000000000000000000000                          0000000000                                                                  000115
1020219505900010800000040339600037443                         000000000000000955610000000000000000000000000410250718C-62367   00000000000000095561230618000000004800023700000  000000000000000000000000000000000000000000000000000000000000000000000000000000000000000000000000000000000000000000000                          0000000000                                                                  000116
1020219505900010800000040339600037443                         000000000000001002200000000000000000000000000410250718B-50107   00000000000000100220060718000000015000023700000  000000000000000000000000000000000000000000000000000000000000000000000000000000000000000000000000000000000000000000000                          0000000000                                                                  000117
1020219505900010800000040339600037443                         000000000000001027890000000000000000000000000410250718B-50154   00000000000000102789080718000000011500023700000  000000000000000000000000000000000000000000000000000000000000000000000000000000000000000000000000000000000000000000000                          0000000000                                                                  000118
1020219505900010800000040339600037443                         000000000000001030760000000000000000000000000410250718C-62504   00000000000000103076070718000000006220023700000  000000000000000000000000000000000000000000000000000000000000000000000000000000000000000000000000000000000000000000000                          0000000000                                                                  000119
1020219505900010800000040339600037443                         0000000000000010384P0000000000000000000000000410250718C-62541   0000000000000010384P120718000000037500023700000  000000000000000000000000000000000000000000000000000000000000000000000000000000000000000000000000000000000000000000000                          0000000000                                                                  000120
1020219505900010800000040339600037443                         000000000000001079690000000000000000000000000410250718C-62592   00000000000000107969200718000000001200023700000  000000000000000000000000000000000000000000000000000000000000000000000000000000000000000000000000000000000000000000000                          0000000000                                                                  000121
1020219505900010800000040339600037443                         000000000000001079930000000000000000000000000410250718B-50320   00000000000000107993200718000000024260023700000  000000000000000000000000000000000000000000000000000000000000000000000000000000000000000000000000000000000000000000000                          0000000000                                                                  000122
1020219505900010800000040339600037443                         000000000000001123690000000000000000000000000410250718B-50291   00000000000000112369190718000000150000023700000  000000000000000000000000000000000000000000000000000000000000000000000000000000000000000000000000000000000000000000000                          0000000000                                                                  000123
1020219505900010800000040339600037443                         000000000000001190020000000000000000000000000410250718B-50712 0100000000000000119002160818000000025250023700000  000000000000000000000000000000000000000000000000000000000000000000000000000000000000000000000000000000000000000000000                          0000000000                                                                  000124
1020219505900010800000040339600037443                         000000000000001190100000000000000000000000000410250718B-50712 0200000000000000119010160918000000025250023700000  000000000000000000000000000000000000000000000000000000000000000000000000000000000000000000000000000000000000000000000                          0000000000                                                                  000125
1020219505900010800000040339600037443                         000000000000001190290000000000000000000000000410250718B-50712 0300000000000000119029161018000000025250023700000  000000000000000000000000000000000000000000000000000000000000000000000000000000000000000000000000000000000000000000000                          0000000000                                                                  000126
1020219505900010800000040339600037443                         000000000000001190370000000000000000000000000410250718B-50712 0400000000000000119037161118000000025250023700000  000000000000000000000000000000000000000000000000000000000000000000000000000000000000000000000000000000000000000000000                          0000000000                                                                  000127
1020219505900010800000040339600037443                         000000000000001190450000000000000000000000000410250718B-50712 0500000000000000119045161218000000025250023700000  000000000000000000000000000000000000000000000000000000000000000000000000000000000000000000000000000000000000000000000                          0000000000                                                                  000128
1020219505900010800000040339600037443                         000000000000001190530000000000000000000000000410250718B-50712 0600000000000000119053160119000000025250023700000  000000000000000000000000000000000000000000000000000000000000000000000000000000000000000000000000000000000000000000000                          0000000000                                                                  000129
1020219505900010800000040339600037443                         000000000000001190610000000000000000000000000410250718B-50712 0700000000000000119061160219000000025250023700000  000000000000000000000000000000000000000000000000000000000000000000000000000000000000000000000000000000000000000000000                          0000000000                                                                  000130
1020219505900010800000040339600037443                         0000000000000011907P0000000000000000000000000410250718B-50712 080000000000000011907P160319000000025250023700000  000000000000000000000000000000000000000000000000000000000000000000000000000000000000000000000000000000000000000000000                          0000000000                                                                  000131
1020219505900010800000040339600037443                         000000000000001190880000000000000000000000000410250718B-50712 0900000000000000119088160419000000025250023700000  000000000000000000000000000000000000000000000000000000000000000000000000000000000000000000000000000000000000000000000                          0000000000                                                                  000132
1020219505900010800000040339600037443                         000000000000001190960000000000000000000000000410250718B-50712 1000000000000000119096160519000000025250023700000  000000000000000000000000000000000000000000000000000000000000000000000000000000000000000000000000000000000000000000000                          0000000000                                                                  000133
1020219505900010800000040339600037443                         000000000000001141590000000000000000000000000414250718B-50556   00000000000000114159270818000000012000023709999  000000000000000000000000000000000000000000000000000000000000000000000000000000000000000000000000000000000000000000000                          0000000000                                                                  000134
1020219505900010800000040339600037443                         000000000000001201590000000000000000000000000414250718B-50752   00000000000000120159210818000000013500023709999  000000000000000000000000000000000000000000000000000000000000000000000000000000000000000000000000000000000000000000000                          0000000000                                                                  000135
1020219505900010800000040339600037443                         000000000000000400150000000000000000000000000415240718B-48005 0600000000000000040015090718000000006100023704152  00000000000000000000000000000000000000000000000000000000000000000000000000000000000000610000000000000000000000000000000 260718                 0000000000                                                                  000136
1020219505900010800000040339600037443                         000000000000001011700000000000000000000000000415240718C-62505 0100000000000000101170070718000000020500023704151  00000000000000000000000000000000000000000000000000000000000000000000000000000000000002050000000000000000000000000000000 260718                 0000000000                                                                  000137
1020219505900010800000040339600037443                         000000000000000340660000000000000000000000000419250718B-47769 0700000000000000034066180718000000007620023704151  000000000000000000000000000000000000000000000000000000000000000000000000000000000000000000000000000000000000000000000  A                       0000000000                                                                  000138
1020219505900010800000040339600037443                         000000000000000347400000000000000000000000000419250718B-47791 0700000000000000034740180718000000006100023700405  000000000000000000000000000000000000000000000000000000000000000000000000000000000000000000000000000000000000000000000  A                       0000000000                                                                  000139
1020219505900010800000040339600037443                         000000000000000836790000000000000000000000000419250718B-49558 0200000000000000083679150718000000005200023700321  000000000000000000000000000000000000000000000000000000000000000000000000000000000000000000000000000000000000000000000  A                       0000000000                                                                  000140
1020219505900010800000040339600037443                         000000000000000121860000000000000000000000000423250718B-46847 0800000000000000012186150718000000005145023700140  000000000000000000000000000000000000000000000000000000000000000000000000000000000000000000000000000000000000000000000                          0000000000                                        011010                    000141
1020219505900010800000040339600037443                         000000000000000205450000000000000000000000000423250718B-47213 0800000000000000020545150718000000006700023704151  000000000000000000000000000000000000000000000000000000000000000000000000000000000000000000000000000000000000000000000                          0000000000                                        010000000526              000142
1020219505900010800000040339600037443                         000000000000000290970000000000000000000000000423250718B-47543 0700000000000000029097160718000000002805023704428  000000000000000000000000000000000000000000000000000000000000000000000000000000000000000000000000000000000000000000000                          0000000000                                        208005980488              000143
1020219505900010800000040339600037443                         000000000000000507540000000000000000000000000423250718B-48392 0500000000000000050754160718000000003300023703109  000000000000000000000000000000000000000000000000000000000000000000000000000000000000000000000000000000000000000000000                          0000000000                                        010000711562              000144
1020219505900010800000040339600037443                         000000000000000623530000000000000000000000000423250718B-48809 0400000000000000062353070718000000007930023704152  000000000000000000000000000000000000000000000000000000000000000000000000000000000000000000000000000000000000000000000                          0000000000                                        010000000184              000145
1020219505900010800000040339600037443                         000000000000000652550000000000000000000000000423250718C-61881 0400000000000000065255140718000000013100023704452  000000000000000000000000000000000000000000000000000000000000000000000000000000000000000000000000000000000000000000000                          0000000000                                        011205798912              000146
1020219505900010800000040339600037443                         000000000000000730960000000000000000000000000423250718B-49173 0300000000000000073096150718000000008415023704151  000000000000000000000000000000000000000000000000000000000000000000000000000000000000000000000000000000000000000000000                          0000000000                                        060000000645              000147
1020219505900010800000040339600037443                         000000000000000906400000000000000000000000000423250718B-49797 0200000000000000090640130718000000016495023704151  000000000000000000000000000000000000000000000000000000000000000000000000000000000000000000000000000000000000000000000                          0000000000                                        040000000413              000148
1020219505900010800000040339600037443                         000000000000001026060000000000000000000000000423250718C-62526   00000000000000102606110718000000028000023704151  000000000000000000000000000000000000000000000000000000000000000000000000000000000000000000000000000000000000000000000                          0000000000                                        060000000644              000149
1020219505900010800000040339600037443                         000000000000001026140000000000000000000000000423250718C-62527   00000000000000102614110718000000025500023704151  000000000000000000000000000000000000000000000000000000000000000000000000000000000000000000000000000000000000000000000                          0000000000                                        060000000643              000150
1020219505900010800000040339600037443                         000000000000001029400000000000000000000000000423250718C-62533 0100000000000000102940110718000000027600023704152  000000000000000000000000000000000000000000000000000000000000000000000000000000000000000000000000000000000000000000000                          0000000000                                        010000000277              000151
1020219505900010800000040339600037443                         000000000000001037180000000000000000000000000423250718B-50197 0100000000000000103718120718000000011406523704151  000000000000000000000000000000000000000000000000000000000000000000000000000000000000000000000000000000000000000000000                          0000000000                                        070000000669              000152
1020219505900010800000040339600037443                         000000000000000121860000000000000000000000000428240718B-46847 0800000000000000012186150718000000005145023700000  000000000000000000000156690000000000000000000000000000000000000000000000000000000000000000000000000000000000000000000                          0800000000                                                                  000153
1020219505900010800000040339600037443                         000000000000000205450000000000000000000000000428240718B-47213 0800000000000000020545150718000000006700023700000  000000000000000000000003860000000000000000000000000000000000000000000000000000000000000000000000000000000000000000000                          0800000000                                                                  000154
1020219505900010800000040339600037443                         000000000000000290970000000000000000000000000428240718B-47543 0700000000000000029097160718000000002805023700000  000000000000000000000005920000000000000000000000000000000000000000000000000000000000000000000000000000000000000000000                          0800000000                                                                  000155
1020219505900010800000040339600037443                         000000000000000507540000000000000000000000000428240718B-48392 0500000000000000050754160718000000003300023700000  000000000000000000000007560000000000000000000000000000000000000000000000000000000000000000000000000000000000000000000                          0800000000                                                                  000156
1020219505900010800000040339600037443                         000000000000000623530000000000000000000000000428240718B-48809 0400000000000000062353070718000000007930023700000  000000000000000000000003860000000000000000000000000000000000000000000000000000000000000000000000000000000000000000000                          0800000000                                                                  000157
1020219505900010800000040339600037443                         000000000000000652550000000000000000000000000428240718C-61881 0400000000000000065255140718000000013100023700000  000000000000000000000021630000000000000000000000000000000000000000000000000000000000000000000000000000000000000000000                          0800000000                                                                  000158
1020219505900010800000040339600037443                         000000000000000730960000000000000000000000000428240718B-49173 0300000000000000073096150718000000008415023700000  000000000000000000000003860000000000000000000000000000000000000000000000000000000000000000000000000000000000000000000                          0800000000                                                                  000159
1020219505900010800000040339600037443                         000000000000000906400000000000000000000000000428240718B-49797 0200000000000000090640130718000000016495023700000  000000000000000000000003860000000000000000000000000000000000000000000000000000000000000000000000000000000000000000000                          0800000000                                                                  000160
1020219505900010800000040339600037443                         000000000000001026060000000000000000000000000428240718C-62526   00000000000000102606110718000000028000023700000  000000000000000000000003860000000000000000000000000000000000000000000000000000000000000000000000000000000000000000000                          0800000000                                                                  000161
1020219505900010800000040339600037443                         000000000000001026140000000000000000000000000428240718C-62527   00000000000000102614110718000000025500023700000  000000000000000000000003860000000000000000000000000000000000000000000000000000000000000000000000000000000000000000000                          0800000000                                                                  000162
1020219505900010800000040339600037443                         000000000000001029400000000000000000000000000428240718C-62533 0100000000000000102940110718000000027600023700000  000000000000000000000003860000000000000000000000000000000000000000000000000000000000000000000000000000000000000000000                          0800000000                                                                  000163
1020219505900010800000040339600037443                         000000000000001037180000000000000000000000000428240718B-50197 0100000000000000103718120718000000011406523700000  000000000000000000000003860000000000000000000000000000000000000000000000000000000000000000000000000000000000000000000                          0800000000                                                                  000164
1020219505900010800000040339600037443                         000000000000000719990000000000000000000000000432250718B-49136 0300000000000000071999280618000000005354023703396  000000000000000000000000000000000000000000000000000000000000000000000000000000000000000000000000000000000000000000000                          4850000000                                                                  000165
1020219505900010800000040339600037443                         000000000000000995910000000000000000000000000432250718B-50092 0100000000000000099591050718000000010200023703396  000000000000000000000000000000000000000000000000000000000000000000000000000000000000000000000000000000000000000000000                          4850000000                                                                  000166
1020219505900010800000040339600037443                         000000000000001110010000000000000000000000000432250718B-50428   00000000000000111001100718000000060730023704151  000000000000000000000000000000000000000000000000000000000000000000000000000000000000000000000000000000000000000000000                          3900000000                                                                  000167
1020219505900010800000040339600037443                         000000000000001141590000000000000000000000000433250718B-50556   00000000000000114159270818000000012000023709999  000000000000000000000000000000000000000000000000000000000000000000000000000000000000000000000000000000000000000000000                          0000000000                                                                  000168
1020219505900010800000040339600037443                         000000000000001172390000000000000000000000000433250718C-62771   00000000000000117239030918000000000900023709999  000000000000000000000000000000000000000000000000000000000000000000000000000000000000000000000000000000000000000000000                          0000000000                                                                  000169
1020219505900010800000040339600037443                         000000000000001201590000000000000000000000000433250718B-50752   00000000000000120159210818000000013500023709999  000000000000000000000000000000000000000000000000000000000000000000000000000000000000000000000000000000000000000000000                          0000000000                                                                  000170
1020219505900010800000040339600037443                         000000000000000062750000000000000000000000000434250718B-46560 0900000000000000006275030718000000003780023700000  000000000000000000000000000000000000000000000000000000000000000000000000000000000000000000000000000000000000000000000                          0000000000                                                                  000171
9201237          000047450000044926349600000209          00043000004277640000007802611000650000078011640002600000713117000000000000000000000020000002550000000000000000000000003000000189200                                                                                                                                                                              00000000000000000000000         000172
