01REMESSA01COBRANCA       00000000000007855522G   S IMAGENS DO BRASIL LTDA  237BRADESCO       240718        MX0004614                                                                                                                                                                                                                                                                                     000001
100000 000000000000 00040339600037443                         0000000000000012120100000000002            2  01C-62837 0123081800000000429000000000012N230718061000000000000720000000000000000000000000000000000000000000000217395075000111MKT VIRTUAL SERVICOS DIGITAIS EIRELI EPPRUA DR. CARVALHO DE MENDONCA 238 7 ANDAR            11070101                                                            000002
100000 000000000000 00040339600037443                         0000000000000012121P00000000002            2  01C-62837 0223091800000000429000000000012N230718061000000000000720000000000000000000000000000000000000000000000217395075000111MKT VIRTUAL SERVICOS DIGITAIS EIRELI EPPRUA DR. CARVALHO DE MENDONCA 238 7 ANDAR            11070101                                                            000003
100000 000000000000 00040339600037443                         0000000000000012122800000000002            2  01C-62837 0323101800000000429000000000012N230718061000000000000720000000000000000000000000000000000000000000000217395075000111MKT VIRTUAL SERVICOS DIGITAIS EIRELI EPPRUA DR. CARVALHO DE MENDONCA 238 7 ANDAR            11070101                                                            000004
100000 000000000000 00040339600037443                         0000000000000012123600000000002            2  01C-62837 0423111800000000429000000000012N230718061000000000000720000000000000000000000000000000000000000000000217395075000111MKT VIRTUAL SERVICOS DIGITAIS EIRELI EPPRUA DR. CARVALHO DE MENDONCA 238 7 ANDAR            11070101                                                            000005
100000 000000000000 00040339600037443                         0000000000000012124400000000002            2  01C-62837 0523121800000000429000000000012N230718061000000000000720000000000000000000000000000000000000000000000217395075000111MKT VIRTUAL SERVICOS DIGITAIS EIRELI EPPRUA DR. CARVALHO DE MENDONCA 238 7 ANDAR            11070101                                                            000006
100000 000000000000 00040339600037443                         0000000000000012125200000000002            2  01C-62837 0623011900000000429000000000012N230718061000000000000720000000000000000000000000000000000000000000000217395075000111MKT VIRTUAL SERVICOS DIGITAIS EIRELI EPPRUA DR. CARVALHO DE MENDONCA 238 7 ANDAR            11070101                                                            000007
100000 000000000000 00040339600037443                         0000000000000012126000000000002            2  01C-62837 0723021900000000429000000000012N230718061000000000000720000000000000000000000000000000000000000000000217395075000111MKT VIRTUAL SERVICOS DIGITAIS EIRELI EPPRUA DR. CARVALHO DE MENDONCA 238 7 ANDAR            11070101                                                            000008
100000 000000000000 00040339600037443                         0000000000000012127900000000002            2  01C-62837 0823031900000000429000000000012N230718061000000000000720000000000000000000000000000000000000000000000217395075000111MKT VIRTUAL SERVICOS DIGITAIS EIRELI EPPRUA DR. CARVALHO DE MENDONCA 238 7 ANDAR            11070101                                                            000009
100000 000000000000 00040339600037443                         0000000000000012128700000000002            2  01C-62837 0923041900000000429000000000012N230718061000000000000720000000000000000000000000000000000000000000000217395075000111MKT VIRTUAL SERVICOS DIGITAIS EIRELI EPPRUA DR. CARVALHO DE MENDONCA 238 7 ANDAR            11070101                                                            000010
100000 000000000000 00040339600037443                         0000000000000012129500000000002            2  01C-62837 1023051900000000429000000000012N230718061000000000000720000000000000000000000000000000000000000000000217395075000111MKT VIRTUAL SERVICOS DIGITAIS EIRELI EPPRUA DR. CARVALHO DE MENDONCA 238 7 ANDAR            11070101                                                            000011
100000 000000000000 00040339600037443                         0000000000000012130900000000002            2  01C-62838 0123081800000000429000000000012N230718061000000000000720000000000000000000000000000000000000000000000204964890000102MKT VIRTUAL MARKETING   CONSULTORIA LTDARUA DOUTOR CARVALHO DE MENDONCA 238 7 AN            11070010                                                            000012
100000 000000000000 00040339600037443                         0000000000000012131700000000002            2  01C-62838 0223091800000000429000000000012N230718061000000000000720000000000000000000000000000000000000000000000204964890000102MKT VIRTUAL MARKETING   CONSULTORIA LTDARUA DOUTOR CARVALHO DE MENDONCA 238 7 AN            11070010                                                            000013
100000 000000000000 00040339600037443                         0000000000000012132500000000002            2  01C-62838 0323101800000000429000000000012N230718061000000000000720000000000000000000000000000000000000000000000204964890000102MKT VIRTUAL MARKETING   CONSULTORIA LTDARUA DOUTOR CARVALHO DE MENDONCA 238 7 AN            11070010                                                            000014
100000 000000000000 00040339600037443                         0000000000000012133300000000002            2  01C-62838 0423111800000000429000000000012N230718061000000000000720000000000000000000000000000000000000000000000204964890000102MKT VIRTUAL MARKETING   CONSULTORIA LTDARUA DOUTOR CARVALHO DE MENDONCA 238 7 AN            11070010                                                            000015
100000 000000000000 00040339600037443                         0000000000000012134100000000002            2  01C-62838 0523121800000000429000000000012N230718061000000000000720000000000000000000000000000000000000000000000204964890000102MKT VIRTUAL MARKETING   CONSULTORIA LTDARUA DOUTOR CARVALHO DE MENDONCA 238 7 AN            11070010                                                            000016
100000 000000000000 00040339600037443                         0000000000000012135P00000000002            2  01C-62838 0623011900000000429000000000012N230718061000000000000720000000000000000000000000000000000000000000000204964890000102MKT VIRTUAL MARKETING   CONSULTORIA LTDARUA DOUTOR CARVALHO DE MENDONCA 238 7 AN            11070010                                                            000017
100000 000000000000 00040339600037443                         0000000000000012136800000000002            2  01C-62838 0723021900000000429000000000012N230718061000000000000720000000000000000000000000000000000000000000000204964890000102MKT VIRTUAL MARKETING   CONSULTORIA LTDARUA DOUTOR CARVALHO DE MENDONCA 238 7 AN            11070010                                                            000018
100000 000000000000 00040339600037443                         0000000000000012137600000000002            2  01C-62838 0823031900000000429000000000012N230718061000000000000720000000000000000000000000000000000000000000000204964890000102MKT VIRTUAL MARKETING   CONSULTORIA LTDARUA DOUTOR CARVALHO DE MENDONCA 238 7 AN            11070010                                                            000019
100000 000000000000 00040339600037443                         0000000000000012138400000000002            2  01C-62838 0923041900000000429000000000012N230718061000000000000720000000000000000000000000000000000000000000000204964890000102MKT VIRTUAL MARKETING   CONSULTORIA LTDARUA DOUTOR CARVALHO DE MENDONCA 238 7 AN            11070010                                                            000020
100000 000000000000 00040339600037443                         0000000000000012139200000000002            2  01C-62838 1023051900000000429000000000012N230718061000000000000720000000000000000000000000000000000000000000000204964890000102MKT VIRTUAL MARKETING   CONSULTORIA LTDARUA DOUTOR CARVALHO DE MENDONCA 238 7 AN            11070010                                                            000021
100000 000000000000 00040339600037443                         0000000000000012140600000000002            2  01B-49344   24071800000000488800000000012N120418000000000000000810000000000000000000000000000000000000000000000225193874000133FATOR COMUNICACAO E EVENTOS LTDA        RUA LUIS CARLOS PRESTES 850 BL.3 SL 1222            22775055                                                            000022
9                                                                                                                                                                                                                                                                                                                                                                                                         000023
