01REMESSA01COBRANCA       00000000000007855522G   S IMAGENS DO BRASIL LTDA  237BRADESCO       250718        MX0004641                                                                                                                                                                                                                                                                                     000001
100000 000000000000 00040339600037443                         0000000000000012180500000000002            2  01C-62845   24081800000000500000000000012N250718000000000000000830000000000000000000000000000000000000000000000227865757002148GLOBO COMUNICACAO E PARTICIPACOES S/A   EST DOS BANDEIRANTES 6700                           22780083                                                            000002
100000 000000000000 00040339600037443                         0000000000000012181300000000002            2  01C-62844   24081800000001472000000000012N250718000000000000002450000000000000000000000000000000000000000000000222520538000160CASA DOS LIVROS EDITORIAL LTDA          EST ROSARIO 135 LOTE  31 - QUADRA  05               25215365                                                            000003
100000 000000000000 00040339600037443                         0000000000000012182100000000002            2  01C-62843   25081800000000950000000000012N250718000000000000001580000000000000000000000000000000000000000000000227865757002148GLOBO COMUNICACAO E PARTICIPACOES S/A   EST DOS BANDEIRANTES 6700                           22780083                                                            000004
100000 000000000000 00040339600037443                         0000000000000012183P00000000002            2  01B-50804 0125081800000000877000000000012N250718061000000000001460000000000000000000000000000000000000000000000292691336000166CREDITO REAL IMOVEIS E CONDOMINIOS S A  AV CARLOS GOMES 1450                                90480001                                                            000005
100000 000000000000 00040339600037443                         0000000000000012184800000000002            2  01B-50804 0225091800000000877000000000012N250718061000000000001460000000000000000000000000000000000000000000000292691336000166CREDITO REAL IMOVEIS E CONDOMINIOS S A  AV CARLOS GOMES 1450                                90480001                                                            000006
100000 000000000000 00040339600037443                         0000000000000012185600000000002            2  01B-50804 0325101800000000877000000000012N250718061000000000001460000000000000000000000000000000000000000000000292691336000166CREDITO REAL IMOVEIS E CONDOMINIOS S A  AV CARLOS GOMES 1450                                90480001                                                            000007
100000 000000000000 00040339600037443                         0000000000000012186400000000002            2  01B-50804 0425111800000000877000000000012N250718061000000000001460000000000000000000000000000000000000000000000292691336000166CREDITO REAL IMOVEIS E CONDOMINIOS S A  AV CARLOS GOMES 1450                                90480001                                                            000008
100000 000000000000 00040339600037443                         0000000000000012187200000000002            2  01B-50804 0525121800000000877000000000012N250718061000000000001460000000000000000000000000000000000000000000000292691336000166CREDITO REAL IMOVEIS E CONDOMINIOS S A  AV CARLOS GOMES 1450                                90480001                                                            000009
100000 000000000000 00040339600037443                         0000000000000012188000000000002            2  01B-50804 0625011900000000877000000000012N250718061000000000001460000000000000000000000000000000000000000000000292691336000166CREDITO REAL IMOVEIS E CONDOMINIOS S A  AV CARLOS GOMES 1450                                90480001                                                            000010
100000 000000000000 00040339600037443                         0000000000000012189900000000002            2  01B-50804 0725021900000000877000000000012N250718061000000000001460000000000000000000000000000000000000000000000292691336000166CREDITO REAL IMOVEIS E CONDOMINIOS S A  AV CARLOS GOMES 1450                                90480001                                                            000011
100000 000000000000 00040339600037443                         0000000000000012190200000000002            2  01B-50804 0825031900000000877000000000012N250718061000000000001460000000000000000000000000000000000000000000000292691336000166CREDITO REAL IMOVEIS E CONDOMINIOS S A  AV CARLOS GOMES 1450                                90480001                                                            000012
100000 000000000000 00040339600037443                         0000000000000012191000000000002            2  01B-50804 0925041900000000877000000000012N250718061000000000001460000000000000000000000000000000000000000000000292691336000166CREDITO REAL IMOVEIS E CONDOMINIOS S A  AV CARLOS GOMES 1450                                90480001                                                            000013
100000 000000000000 00040339600037443                         0000000000000012192900000000002            2  01B-50804 1025051900000000877000000000012N250718061000000000001460000000000000000000000000000000000000000000000292691336000166CREDITO REAL IMOVEIS E CONDOMINIOS S A  AV CARLOS GOMES 1450                                90480001                                                            000014
100000 000000000000 00040339600037443                         0000000000000012193700000000002            2  01B-50805   24081800000000765000000000012N250718000000000000001270000000000000000000000000000000000000000000000252604311000163FERTILIZANTES GLOBO LTDA.               RUA BARAO DE ITAPETININGA 255 9. ANDAR -            01042000                                                            000015
100000 000000000000 00040339600037443                         0000000000000012194500000000002            2  01B-50808 0125081800000000143340000000012N250718061000000000000240000000000000000000000000000000000000000000000215334611000143CRIACAO ESTRATEGICA PUBLICIDADE E PROPAGAVE SAO LUIZ 200 APTO 503                           01046000                                                            000016
100000 000000000000 00040339600037443                         0000000000000012195300000000002            2  01B-50808 0225091800000000143330000000012N250718061000000000000240000000000000000000000000000000000000000000000215334611000143CRIACAO ESTRATEGICA PUBLICIDADE E PROPAGAVE SAO LUIZ 200 APTO 503                           01046000                                                            000017
100000 000000000000 00040339600037443                         0000000000000012196100000000002            2  01B-50808 0325101800000000143330000000012N250718061000000000000240000000000000000000000000000000000000000000000215334611000143CRIACAO ESTRATEGICA PUBLICIDADE E PROPAGAVE SAO LUIZ 200 APTO 503                           01046000                                                            000018
100000 000000000000 00040339600037443                         0000000000000012197P00000000002            2  01B-50809   24081800000013756000000000012N250718000000000000022930000000000000000000000000000000000000000000000260945169000146NISSIN AJINOMOTO ALIMENTOS LTDA         RUA ALVES GUIMARAES 1297                            05410926                                                            000019
100000 000000000000 00040339600037443                         0000000000000012198800000000002            2  01B-50812   10081800000002798400000000012N250718000000000000004660000000000000000000000000000000000000000000000224344124000152HOSPITAL SAMARITANO DE SAO PAULO LTDA   R CONS BROTERO 1486                                 01232040                                                            000020
100000 000000000000 00040339600037443                         0000000000000012199600000000002            2  01B-50813   24081800000000205000000000012N250718000000000000000340000000000000000000000000000000000000000000000206837645000160PINTOS LTDA                             R ALVARO MENDES 1237                                64000060                                                            000021
100000 000000000000 00040339600037443                         0000000000000012200300000000002            2  01B-50817   26081800000001300000000000012N250718000000000000002170000000000000000000000000000000000000000000000283130229000178FUNDACAO EDUCACIONAL REGIONAL JARAGUAENSRUA DOS IMIGRANTES 500                              89254430                                                            000022
100000 000000000000 00040339600037443                         0000000000000012201100000000002            2  01B-50818   24081800000005000000000000012N250718000000000000008330000000000000000000000000000000000000000000000201634601000119CENTRAL DE COOPERATIVAS DE ECONOMIA E CRAV PRAIA DE BELAS 1212 TORRE NORTE 8. AN            90110000                                                            000023
100000 000000000000 00040339600037443                         0000000000000012202P00000000002            2  01B-50819 0124081800000000320000000000012N250718061000000000000530000000000000000000000000000000000000000000000207452624000199LUCIO PAULO GODOI FERMOSELLI            R BAGUACU 26 SL 204                                 13098326                                                            000024
100000 000000000000 00040339600037443                         0000000000000012203800000000002            2  01B-50819 0224091800000000320000000000012N250718061000000000000530000000000000000000000000000000000000000000000207452624000199LUCIO PAULO GODOI FERMOSELLI            R BAGUACU 26 SL 204                                 13098326                                                            000025
100000 000000000000 00040339600037443                         0000000000000012204600000000002            2  01B-50819 0324101800000000320000000000012N250718061000000000000530000000000000000000000000000000000000000000000207452624000199LUCIO PAULO GODOI FERMOSELLI            R BAGUACU 26 SL 204                                 13098326                                                            000026
100000 000000000000 00040339600037443                         0000000000000012205400000000002            2  01B-50819 0424111800000000320000000000012N250718061000000000000530000000000000000000000000000000000000000000000207452624000199LUCIO PAULO GODOI FERMOSELLI            R BAGUACU 26 SL 204                                 13098326                                                            000027
100000 000000000000 00040339600037443                         0000000000000012206200000000002            2  01B-50819 0524121800000000320000000000012N250718061000000000000530000000000000000000000000000000000000000000000207452624000199LUCIO PAULO GODOI FERMOSELLI            R BAGUACU 26 SL 204                                 13098326                                                            000028
100000 000000000000 00040339600037443                         0000000000000012207000000000002            2  01B-50819 0624011900000000320000000000012N250718061000000000000530000000000000000000000000000000000000000000000207452624000199LUCIO PAULO GODOI FERMOSELLI            R BAGUACU 26 SL 204                                 13098326                                                            000029
100000 000000000000 00040339600037443                         0000000000000012208900000000002            2  01B-50819 0724021900000000320000000000012N250718061000000000000530000000000000000000000000000000000000000000000207452624000199LUCIO PAULO GODOI FERMOSELLI            R BAGUACU 26 SL 204                                 13098326                                                            000030
100000 000000000000 00040339600037443                         0000000000000012209700000000002            2  01B-50819 0824031900000000320000000000012N250718061000000000000530000000000000000000000000000000000000000000000207452624000199LUCIO PAULO GODOI FERMOSELLI            R BAGUACU 26 SL 204                                 13098326                                                            000031
100000 000000000000 00040339600037443                         0000000000000012210000000000002            2  01B-50819 0924041900000000320000000000012N250718061000000000000530000000000000000000000000000000000000000000000207452624000199LUCIO PAULO GODOI FERMOSELLI            R BAGUACU 26 SL 204                                 13098326                                                            000032
100000 000000000000 00040339600037443                         0000000000000012211900000000002            2  01B-50819 1024051900000000320000000000012N250718061000000000000530000000000000000000000000000000000000000000000207452624000199LUCIO PAULO GODOI FERMOSELLI            R BAGUACU 26 SL 204                                 13098326                                                            000033
100000 000000000000 00040339600037443                         0000000000000012212700000000002            2  01B-50822 0125081800000000330000000000012N250718061000000000000550000000000000000000000000000000000000000000000217679750000134BLANKO DIGITAL LTDA - ME                AV ENGENHEIRO ALBERTO ZAGOTTIS 1199                 04675085                                                            000034
100000 000000000000 00040339600037443                         0000000000000012213500000000002            2  01B-50822 0225091800000000330000000000012N250718061000000000000550000000000000000000000000000000000000000000000217679750000134BLANKO DIGITAL LTDA - ME                AV ENGENHEIRO ALBERTO ZAGOTTIS 1199                 04675085                                                            000035
100000 000000000000 00040339600037443                         0000000000000012214300000000002            2  01B-50822 0325101800000000330000000000012N250718061000000000000550000000000000000000000000000000000000000000000217679750000134BLANKO DIGITAL LTDA - ME                AV ENGENHEIRO ALBERTO ZAGOTTIS 1199                 04675085                                                            000036
100000 000000000000 00040339600037443                         0000000000000012215100000000002            2  01B-50822 0425111800000000330000000000012N250718061000000000000550000000000000000000000000000000000000000000000217679750000134BLANKO DIGITAL LTDA - ME                AV ENGENHEIRO ALBERTO ZAGOTTIS 1199                 04675085                                                            000037
100000 000000000000 00040339600037443                         0000000000000012216P00000000002            2  01B-50822 0525121800000000330000000000012N250718061000000000000550000000000000000000000000000000000000000000000217679750000134BLANKO DIGITAL LTDA - ME                AV ENGENHEIRO ALBERTO ZAGOTTIS 1199                 04675085                                                            000038
100000 000000000000 00040339600037443                         0000000000000012217800000000002            2  01B-50822 0625011900000000330000000000012N250718061000000000000550000000000000000000000000000000000000000000000217679750000134BLANKO DIGITAL LTDA - ME                AV ENGENHEIRO ALBERTO ZAGOTTIS 1199                 04675085                                                            000039
100000 000000000000 00040339600037443                         0000000000000012218600000000002            2  01B-50822 0725021900000000330000000000012N250718061000000000000550000000000000000000000000000000000000000000000217679750000134BLANKO DIGITAL LTDA - ME                AV ENGENHEIRO ALBERTO ZAGOTTIS 1199                 04675085                                                            000040
100000 000000000000 00040339600037443                         0000000000000012219400000000002            2  01B-50822 0825031900000000330000000000012N250718061000000000000550000000000000000000000000000000000000000000000217679750000134BLANKO DIGITAL LTDA - ME                AV ENGENHEIRO ALBERTO ZAGOTTIS 1199                 04675085                                                            000041
100000 000000000000 00040339600037443                         0000000000000012220800000000002            2  01B-50822 0925041900000000330000000000012N250718061000000000000550000000000000000000000000000000000000000000000217679750000134BLANKO DIGITAL LTDA - ME                AV ENGENHEIRO ALBERTO ZAGOTTIS 1199                 04675085                                                            000042
100000 000000000000 00040339600037443                         0000000000000012221600000000002            2  01B-50822 1025051900000000330000000000012N250718061000000000000550000000000000000000000000000000000000000000000217679750000134BLANKO DIGITAL LTDA - ME                AV ENGENHEIRO ALBERTO ZAGOTTIS 1199                 04675085                                                            000043
100000 000000000000 00040339600037443                         0000000000000012222400000000002            2  01C-62846   25081800000000330000000000012N250718000000000000000550000000000000000000000000000000000000000000000227865757002148GLOBO COMUNICACAO E PARTICIPACOES S/A - EST DOS BANDEIRANTES 6700                           22780083                                                            000044
9                                                                                                                                                                                                                                                                                                                                                                                                         000045
