01REMESSA01COBRANCA       00000000000007855522G   S IMAGENS DO BRASIL LTDA  237BRADESCO       260718        MX0004643                                                                                                                                                                                                                                                                                     000001
100000 000000000000 00040339600037443                         0000000000000012223200000000002            2  01B-50513 0130081800000000798800000000012N020718061000000000001330000000000000000000000000000000000000000000000261700712000108SERIFA - SERVICOS DE PUBLICIDADE LTDA - RUA LIONS CLUB 168 SL 11                            13073030                                                            000002
100000 000000000000 00040339600037443                         0000000000000012224000000000002            2  01B-50513 0230101800000000798800000000012N020718061000000000001330000000000000000000000000000000000000000000000261700712000108SERIFA - SERVICOS DE PUBLICIDADE LTDA - RUA LIONS CLUB 168 SL 11                            13073030                                                            000003
100000 000000000000 00040339600037443                         0000000000000012225900000000002            2  01B-50513 0330101800000000798800000000012N020718061000000000001330000000000000000000000000000000000000000000000261700712000108SERIFA - SERVICOS DE PUBLICIDADE LTDA - RUA LIONS CLUB 168 SL 11                            13073030                                                            000004
100000 000000000000 00040339600037443                         0000000000000012226700000000002            2  01B-50513 0430111800000000798800000000012N020718061000000000001330000000000000000000000000000000000000000000000261700712000108SERIFA - SERVICOS DE PUBLICIDADE LTDA - RUA LIONS CLUB 168 SL 11                            13073030                                                            000005
100000 000000000000 00040339600037443                         0000000000000012227500000000002            2  01B-50513 0530121800000000798800000000012N020718061000000000001330000000000000000000000000000000000000000000000261700712000108SERIFA - SERVICOS DE PUBLICIDADE LTDA - RUA LIONS CLUB 168 SL 11                            13073030                                                            000006
100000 000000000000 00040339600037443                         0000000000000012228300000000002            2  01B-50513 0630011900000000798800000000012N020718061000000000001330000000000000000000000000000000000000000000000261700712000108SERIFA - SERVICOS DE PUBLICIDADE LTDA - RUA LIONS CLUB 168 SL 11                            13073030                                                            000007
100000 000000000000 00040339600037443                         0000000000000012229100000000002            2  01B-50513 0728021900000000798800000000012N020718061000000000001330000000000000000000000000000000000000000000000261700712000108SERIFA - SERVICOS DE PUBLICIDADE LTDA - RUA LIONS CLUB 168 SL 11                            13073030                                                            000008
100000 000000000000 00040339600037443                         0000000000000012230500000000002            2  01B-50513 0830031900000000798800000000012N020718061000000000001330000000000000000000000000000000000000000000000261700712000108SERIFA - SERVICOS DE PUBLICIDADE LTDA - RUA LIONS CLUB 168 SL 11                            13073030                                                            000009
100000 000000000000 00040339600037443                         0000000000000012231300000000002            2  01B-50513 0930041900000000798800000000012N020718061000000000001330000000000000000000000000000000000000000000000261700712000108SERIFA - SERVICOS DE PUBLICIDADE LTDA - RUA LIONS CLUB 168 SL 11                            13073030                                                            000010
100000 000000000000 00040339600037443                         0000000000000012232100000000002            2  01B-50513 1028051900000000798800000000012N020718061000000000001330000000000000000000000000000000000000000000000261700712000108SERIFA - SERVICOS DE PUBLICIDADE LTDA - RUA LIONS CLUB 168 SL 11                            13073030                                                            000011
9                                                                                                                                                                                                                                                                                                                                                                                                         000012
