01REMESSA01COBRANCA       00000000000007855522G   S IMAGENS DO BRASIL LTDA  237BRADESCO       240718        MX0004626                                                                                                                                                                                                                                                                                     000001
100000 000000000000 00040339600037443                         0000000000000012141400000000002            2  01C-62839 0123081800000000622000000000012N240718061000000000001040000000000000000000000000000000000000000000000226625097000111AFINE-SE EDUCACAO E DISTRIBUICAO LTDA   R CONSELHEIRO ANTONIO PRADO 883                     18900000                                                            000002
100000 000000000000 00040339600037443                         0000000000000012142200000000002            2  01C-62839 0223091800000000622000000000012N240718061000000000001040000000000000000000000000000000000000000000000226625097000111AFINE-SE EDUCACAO E DISTRIBUICAO LTDA   R CONSELHEIRO ANTONIO PRADO 883                     18900000                                                            000003
100000 000000000000 00040339600037443                         0000000000000012143000000000002            2  01C-62839 0323101800000000622000000000012N240718061000000000001040000000000000000000000000000000000000000000000226625097000111AFINE-SE EDUCACAO E DISTRIBUICAO LTDA   R CONSELHEIRO ANTONIO PRADO 883                     18900000                                                            000004
100000 000000000000 00040339600037443                         0000000000000012144900000000002            2  01C-62839 0423111800000000622000000000012N240718061000000000001040000000000000000000000000000000000000000000000226625097000111AFINE-SE EDUCACAO E DISTRIBUICAO LTDA   R CONSELHEIRO ANTONIO PRADO 883                     18900000                                                            000005
100000 000000000000 00040339600037443                         0000000000000012145700000000002            2  01C-62839 0523121800000000622000000000012N240718061000000000001040000000000000000000000000000000000000000000000226625097000111AFINE-SE EDUCACAO E DISTRIBUICAO LTDA   R CONSELHEIRO ANTONIO PRADO 883                     18900000                                                            000006
100000 000000000000 00040339600037443                         0000000000000012146500000000002            2  01C-62839 0623011900000000622000000000012N240718061000000000001040000000000000000000000000000000000000000000000226625097000111AFINE-SE EDUCACAO E DISTRIBUICAO LTDA   R CONSELHEIRO ANTONIO PRADO 883                     18900000                                                            000007
100000 000000000000 00040339600037443                         0000000000000012147300000000002            2  01C-62839 0723021900000000622000000000012N240718061000000000001040000000000000000000000000000000000000000000000226625097000111AFINE-SE EDUCACAO E DISTRIBUICAO LTDA   R CONSELHEIRO ANTONIO PRADO 883                     18900000                                                            000008
100000 000000000000 00040339600037443                         0000000000000012148100000000002            2  01C-62839 0823031900000000622000000000012N240718061000000000001040000000000000000000000000000000000000000000000226625097000111AFINE-SE EDUCACAO E DISTRIBUICAO LTDA   R CONSELHEIRO ANTONIO PRADO 883                     18900000                                                            000009
100000 000000000000 00040339600037443                         0000000000000012149P00000000002            2  01C-62839 0923041900000000622000000000012N240718061000000000001040000000000000000000000000000000000000000000000226625097000111AFINE-SE EDUCACAO E DISTRIBUICAO LTDA   R CONSELHEIRO ANTONIO PRADO 883                     18900000                                                            000010
100000 000000000000 00040339600037443                         0000000000000012150300000000002            2  01C-62839 1023051900000000622000000000012N240718061000000000001040000000000000000000000000000000000000000000000226625097000111AFINE-SE EDUCACAO E DISTRIBUICAO LTDA   R CONSELHEIRO ANTONIO PRADO 883                     18900000                                                            000011
100000 000000000000 00040339600037443                         0000000000000012151100000000002            2  01B-50788   23081800000001220000000000012N240718000000000000002030000000000000000000000000000000000000000000000202947857000149RADAR CINEMA E TELEVISAO LTDA           RUA DOS MANACAS 276 1. ANDAR                        06711500                                                            000012
100000 000000000000 00040339600037443                         0000000000000012152P00000000002            2  01B-50789   19081800000000450000000000012N240718000000000000000750000000000000000000000000000000000000000000000204393475000499INSTITUTO DE DESENVOLVIMENTO E GESTAO - PC MAUA 1                                           20081240                                                            000013
100000 000000000000 00040339600037443                         0000000000000012153800000000002            2  01B-50790 0124081800000002525000000000012N240718061000000000004210000000000000000000000000000000000000000000000209344753000199DNA PRODUCOES AUDIOVISUAIS LTDA-ME      AV DO CURSINO 289 APT 8                             04133000                                                            000014
100000 000000000000 00040339600037443                         0000000000000012154600000000002            2  01B-50790 0224091800000002525000000000012N240718061000000000004210000000000000000000000000000000000000000000000209344753000199DNA PRODUCOES AUDIOVISUAIS LTDA-ME      AV DO CURSINO 289 APT 8                             04133000                                                            000015
100000 000000000000 00040339600037443                         0000000000000012155400000000002            2  01B-50790 0324101800000002525000000000012N240718061000000000004210000000000000000000000000000000000000000000000209344753000199DNA PRODUCOES AUDIOVISUAIS LTDA-ME      AV DO CURSINO 289 APT 8                             04133000                                                            000016
100000 000000000000 00040339600037443                         0000000000000012156200000000002            2  01B-50790 0424111800000002525000000000012N240718061000000000004210000000000000000000000000000000000000000000000209344753000199DNA PRODUCOES AUDIOVISUAIS LTDA-ME      AV DO CURSINO 289 APT 8                             04133000                                                            000017
100000 000000000000 00040339600037443                         0000000000000012157000000000002            2  01B-50790 0524121800000002525000000000012N240718061000000000004210000000000000000000000000000000000000000000000209344753000199DNA PRODUCOES AUDIOVISUAIS LTDA-ME      AV DO CURSINO 289 APT 8                             04133000                                                            000018
100000 000000000000 00040339600037443                         0000000000000012158900000000002            2  01B-50790 0624011900000002525000000000012N240718061000000000004210000000000000000000000000000000000000000000000209344753000199DNA PRODUCOES AUDIOVISUAIS LTDA-ME      AV DO CURSINO 289 APT 8                             04133000                                                            000019
100000 000000000000 00040339600037443                         0000000000000012159700000000002            2  01B-50790 0724021900000002525000000000012N240718061000000000004210000000000000000000000000000000000000000000000209344753000199DNA PRODUCOES AUDIOVISUAIS LTDA-ME      AV DO CURSINO 289 APT 8                             04133000                                                            000020
100000 000000000000 00040339600037443                         0000000000000012160000000000002            2  01B-50790 0824031900000002525000000000012N240718061000000000004210000000000000000000000000000000000000000000000209344753000199DNA PRODUCOES AUDIOVISUAIS LTDA-ME      AV DO CURSINO 289 APT 8                             04133000                                                            000021
100000 000000000000 00040339600037443                         0000000000000012161900000000002            2  01B-50790 0924041900000002525000000000012N240718061000000000004210000000000000000000000000000000000000000000000209344753000199DNA PRODUCOES AUDIOVISUAIS LTDA-ME      AV DO CURSINO 289 APT 8                             04133000                                                            000022
100000 000000000000 00040339600037443                         0000000000000012162700000000002            2  01B-50790 1024051900000002525000000000012N240718061000000000004210000000000000000000000000000000000000000000000209344753000199DNA PRODUCOES AUDIOVISUAIS LTDA-ME      AV DO CURSINO 289 APT 8                             04133000                                                            000023
100000 000000000000 00040339600037443                         0000000000000012163500000000002            2  01B-50791   24081800000005100000000000012N240718000000000000008500000000000000000000000000000000000000000000000208279191000184CARDIF DO BRASIL SEGUROS E GARANTIAS S/AAV PRESIDENTE JUSCELINO KUBITSCHEK 1909             04543907                                                            000024
100000 000000000000 00040339600037443                         0000000000000012164300000000002            2  01B-50796   24081800000002560000000000012N240718000000000000004270000000000000000000000000000000000000000000000212580503000162PARIS PRODUCOES CINEMATOGRAFICAS LTDA   AV. PACAEMBU 1682                                   01234000                                                            000025
100000 000000000000 00040339600037443                         0000000000000012165100000000002            2  01B-50797 0123081800000001290000000000012N240718061000000000002150000000000000000000000000000000000000000000000213409942000170SANFONA FILMES LTDA                     R TOBIAS BARRETO 31                                 38411130                                                            000026
100000 000000000000 00040339600037443                         0000000000000012166P00000000002            2  01B-50797 0223091800000001290000000000012N240718061000000000002150000000000000000000000000000000000000000000000213409942000170SANFONA FILMES LTDA                     R TOBIAS BARRETO 31                                 38411130                                                            000027
100000 000000000000 00040339600037443                         0000000000000012167800000000002            2  01B-50797 0323101800000001290000000000012N240718061000000000002150000000000000000000000000000000000000000000000213409942000170SANFONA FILMES LTDA                     R TOBIAS BARRETO 31                                 38411130                                                            000028
100000 000000000000 00040339600037443                         0000000000000012168600000000002            2  01B-50797 0423111800000001290000000000012N240718061000000000002150000000000000000000000000000000000000000000000213409942000170SANFONA FILMES LTDA                     R TOBIAS BARRETO 31                                 38411130                                                            000029
100000 000000000000 00040339600037443                         0000000000000012169400000000002            2  01B-50797 0523121800000001290000000000012N240718061000000000002150000000000000000000000000000000000000000000000213409942000170SANFONA FILMES LTDA                     R TOBIAS BARRETO 31                                 38411130                                                            000030
100000 000000000000 00040339600037443                         0000000000000012170800000000002            2  01B-50797 0623011900000001290000000000012N240718061000000000002150000000000000000000000000000000000000000000000213409942000170SANFONA FILMES LTDA                     R TOBIAS BARRETO 31                                 38411130                                                            000031
100000 000000000000 00040339600037443                         0000000000000012171600000000002            2  01B-50797 0723021900000001290000000000012N240718061000000000002150000000000000000000000000000000000000000000000213409942000170SANFONA FILMES LTDA                     R TOBIAS BARRETO 31                                 38411130                                                            000032
100000 000000000000 00040339600037443                         0000000000000012172400000000002            2  01B-50797 0823031900000001290000000000012N240718061000000000002150000000000000000000000000000000000000000000000213409942000170SANFONA FILMES LTDA                     R TOBIAS BARRETO 31                                 38411130                                                            000033
100000 000000000000 00040339600037443                         0000000000000012173200000000002            2  01B-50797 0923041900000001290000000000012N240718061000000000002150000000000000000000000000000000000000000000000213409942000170SANFONA FILMES LTDA                     R TOBIAS BARRETO 31                                 38411130                                                            000034
100000 000000000000 00040339600037443                         0000000000000012174000000000002            2  01B-50797 1023051900000001290000000000012N240718061000000000002150000000000000000000000000000000000000000000000213409942000170SANFONA FILMES LTDA                     R TOBIAS BARRETO 31                                 38411130                                                            000035
100000 000000000000 00040339600037443                         0000000000000012175900000000002            2  01B-50798   20091800000001530000000000012N240718000000000000002550000000000000000000000000000000000000000000000255620918000125TOKEN CONFECCOES LTDA                   RUA CONSORCIO 170                                   04535090                                                            000036
100000 000000000000 00040339600037443                         0000000000000012176700000000002            2  01C-62840   24081800000001320000000000012N240718000000000000002200000000000000000000000000000000000000000000000243525419000170TRES EDITORIAL LTDA                     RUA WILLIAM SPEERS 1088                             05067900                                                            000037
100000 000000000000 00040339600037443                         0000000000000012177500000000002            2  01C-62841   20081800000001190000000000012N240718000000000000001980000000000000000000000000000000000000000000000255620918000125TOKEN CONFECCOES LTDA                   RUA CONSORCIO 170                                   04535090                                                            000038
100000 000000000000 00040339600037443                         0000000000000012178300000000002            2  01B-50799 0123081800000000500000000000012N240718061000000000000830000000000000000000000000000000000000000000000203074383000130ASSOCIACAO CIDADE ESCOLA APRENDIZ       R GENERAL JARDIM 660 SALA 72                        01223010                                                            000039
100000 000000000000 00040339600037443                         0000000000000012179100000000002            2  01B-50799 0223091800000000500000000000012N240718061000000000000830000000000000000000000000000000000000000000000203074383000130ASSOCIACAO CIDADE ESCOLA APRENDIZ       R GENERAL JARDIM 660 SALA 72                        01223010                                                            000040
9                                                                                                                                                                                                                                                                                                                                                                                                         000041
